@article{b1aggarwal2007investigating,
  title={Investigating effect of Design Metrics on Fault Proneness in Object-Oriented Systems.},
  author={Aggarwal, KK and Singh, Yogesh and Kaur, Arvinder and Malhotra, Ruchika},
  journal={J. Object Technol.},
  volume={6},
  number={10},
  pages={127--141},
  year={2007}
}

@article{b2aggarwal2009empirical,
  title={Empirical analysis for investigating the effect of object-oriented metrics on fault proneness: a replicated case study},
  author={Aggarwal, KK and Singh, Yogesh and Kaur, Arvinder and Malhotra, Ruchika},
  journal={Software process: Improvement and practice},
  volume={14},
  number={1},
  pages={39--62},
  year={2009},
  publisher={Wiley Online Library}
}

@article{b3al2012fault,
  title={Fault prediction and the discriminative powers of connectivity-based object-oriented class cohesion metrics},
  author={Al Dallal, Jehad},
  journal={Information and Software Technology},
  volume={54},
  number={4},
  pages={396--416},
  year={2012},
  publisher={Elsevier}
}

@article{b4al2012impact,
  title={The impact of accounting for special methods in the measurement of object-oriented class cohesion on refactoring and fault prediction activities},
  author={Al Dallal, Jehad},
  journal={Journal of Systems and Software},
  volume={85},
  number={5},
  pages={1042--1057},
  year={2012},
  publisher={Elsevier}
}

@inproceedings{b5bellini2005comparing,
  title={Comparing fault-proneness estimation models},
  author={Bellini, Pierfrancesco and Bruno, Ivan and Nesi, Paolo and Rogai, Davide},
  booktitle={10th IEEE International Conference on Engineering of Complex Computer Systems (ICECCS'05)},
  pages={205--214},
  year={2005},
  organization={IEEE}
}

@article{b6aggarwal2007investigating,
  title={Investigating effect of Design Metrics on Fault Proneness in Object-Oriented Systems.},
  author={Aggarwal, KK and Singh, Yogesh and Kaur, Arvinder and Malhotra, Ruchika},
  journal={J. Object Technol.},
  volume={6},
  number={10},
  pages={127--141},
  year={2007}
}

@article{b7radjenovic2013software,
  title={Software fault prediction metrics: A systematic literature review},
  author={Radjenovi{\'c}, Danijel and Heri{\v{c}}ko, Marjan and Torkar, Richard and {\v{Z}}ivkovi{\v{c}}, Ale{\v{s}}},
  journal={Information and software technology},
  volume={55},
  number={8},
  pages={1397--1418},
  year={2013},
  publisher={Elsevier}
}

@article{b8al2012precise,
  title={A precise method-method interaction-based cohesion metric for object-oriented classes},
  author={Al Dallal, Jehad and Briand, Lionel C},
  journal={ACM Transactions on Software Engineering and Methodology (TOSEM)},
  volume={21},
  number={2},
  pages={1--34},
  year={2012},
  publisher={ACM New York, NY, USA}
}

@article{b9pai2007empirical,
  title={Empirical analysis of software fault content and fault proneness using Bayesian methods},
  author={Pai, Ganesh J and Dugan, Joanne Bechta},
  journal={IEEE Transactions on software Engineering},
  volume={33},
  number={10},
  pages={675--686},
  year={2007},
  publisher={IEEE}
}

@article{b10el2001prediction,
  title={The prediction of faulty classes using object-oriented design metrics},
  author={El Emam, Khaled and Melo, Walcelio and Machado, Javam C},
  journal={Journal of systems and software},
  volume={56},
  number={1},
  pages={63--75},
  year={2001},
  publisher={Elsevier}
}

@article{b11basili1996validation,
  title={A validation of object-oriented design metrics as quality indicators},
  author={Basili, Victor R and Briand, Lionel C. and Melo, Walc{\'e}lio L},
  journal={IEEE Transactions on software engineering},
  volume={22},
  number={10},
  pages={751--761},
  year={1996},
  publisher={IEEE}
}

@article{b12riand2002assessing,
  title={Assessing the applicability of fault-proneness models across object-oriented software projects},
  author={Briand, Lionel C and Melo, Walcelio L. and Wust, Jurgen},
  journal={IEEE transactions on Software Engineering},
  volume={28},
  number={7},
  pages={706--720},
  year={2002},
  publisher={IEEE}
}

@article{b13singh2010empirical,
  title={Empirical validation of object-oriented metrics for predicting fault proneness models},
  author={Singh, Yogesh and Kaur, Arvinder and Malhotra, Ruchika},
  journal={Software quality journal},
  volume={18},
  number={1},
  pages={3},
  year={2010},
  publisher={Springer}
}

@article{b14chidamber1994metrics,
  title={A metrics suite for object oriented design},
  author={Chidamber, Shyam R and Kemerer, Chris F},
  journal={IEEE Transactions on software engineering},
  volume={20},
  number={6},
  pages={476--493},
  year={1994},
  publisher={IEEE}
}

@inproceedings{b15chidamber1991towards,
  title={Towards a metrics suite for object oriented design},
  author={Chidamber, Shyam R and Kemerer, Chris F},
  booktitle={Conference proceedings on Object-oriented programming systems, languages, and applications},
  pages={197--211},
  year={1991}
}

@article{fichman1993adoption,
  title={Adoption of software engineering process innovations: The case of object orientation},
  author={Fichman, Robert G and Kemerer, Chris F},
  journal={Sloan management review},
  volume={34},
  pages={7--7},
  year={1993}
}

@inproceedings{lanza2002beyond,
  title={Beyond language independent object-oriented metrics: Model independent metrics},
  author={Lanza, Michele and Ducasse, St{\'e}phane and others},
  booktitle={Proceedings of 6th International Workshop on Quantitative Approaches in Object-Oriented Software Engineering},
  year={2002},
  organization={Citeseer}
}
