@inproceedings{sedlmair2012taxonomy,
	title={A taxonomy of visual cluster separation factors},
	author={Sedlmair, Michael and Tatu, Andrada and Munzner, Tamara and Tory, Melanie},
	booktitle={Computer Graphics Forum},
	volume={31},
	number={3pt4},
	pages={1335--1344},
	year={2012},
	organization={Wiley Online Library}
}

@inproceedings{aupetit2016sepme,
	title={Sepme: 2002 new visual separation measures},
	author={Aupetit, Michael and Sedlmair, Michael},
	booktitle={2016 IEEE Pacific Visualization Symposium (PacificVis)},
	pages={1--8},
	year={2016},
	organization={IEEE}
}

@inproceedings{fekete2002interactive,
	title={Interactive information visualization of a million items},
	author={Fekete, J-D and Plaisant, Catherine},
	booktitle={IEEE Symposium on Information Visualization, 2002. INFOVIS 2002.},
	pages={117--124},
	year={2002},
	organization={IEEE}
}

@article{sarikaya2018scatterplots,
	title={Scatterplots: Tasks, data, and designs},
	author={Sarikaya, Alper and Gleicher, Michael},
	journal={IEEE transactions on visualization and computer graphics},
	volume={24},
	number={1},
	pages={402--412},
	year={2018},
	publisher={IEEE}
}

@inproceedings{rensink2010perception,
	title={The perception of correlation in scatterplots},
	author={Rensink, Ronald A and Baldridge, Gideon},
	booktitle={Computer Graphics Forum},
	volume={29},
	number={3},
	pages={1203--1210},
	year={2010},
	organization={Wiley Online Library}
}

@inproceedings{van2017evaluating,
	title={Evaluating the Influence of Stereoscopy on Cluster Perception in Scatterplots},
	author={van Onzenoodt, Christian and Kreiser, Julian and Heer, Dominique and Ropinski, Timo},
	booktitle={Proceedings of SIGRAD 2017, August 17-18, 2017 Norrk{\"o}ping, Sweden},
	number={143},
	pages={25--31},
	year={2017},
	organization={Link{\"o}ping University Electronic Press}
}

@article{micallef2017towards,
	title={Towards perceptual optimization of the visual design of scatterplots},
	author={Micallef, Luana and Palmas, Gregorio and Oulasvirta, Antti and Weinkauf, Tino},
	journal={IEEE transactions on visualization and computer graphics},
	volume={23},
	number={6},
	pages={1588--1599},
	year={2017},
	publisher={IEEE}
}

@article{jo2019declarative,
title={A Declarative Rendering Model for Multiclass Density Maps},
author={Jo, Jaemin and Vernier, Fr{\'e}d{\'e}ric and Dragicevic, Pierre and Fekete, Jean-Daniel},
journal={IEEE transactions on visualization and computer graphics},
volume={25},
number={1},
pages={470--480},
year={2019},
publisher={IEEE}
}

@inproceedings{chen2018using,
	title={Using animation to alleviate overdraw in multiclass scatterplot matrices},
	author={Chen, Helen and Engle, Sophie and Joshi, Alark and Ragan, Eric D and Yuksel, Beste F and Harrison, Lane},
	booktitle={Proceedings of the 2018 CHI Conference on Human Factors in Computing Systems},
	pages={417},
	year={2018},
	organization={ACM}
}

@article{wickham2013bin,
	title={Bin-summarise-smooth: a framework for visualising large data},
	author={Wickham, Hadley},
	journal={had. co. nz, Tech. Rep},
	year={2013}
}

@inproceedings{ingram2010dimstiller,
	title={Dimstiller: Workflows for dimensional analysis and reduction},
	author={Ingram, Stephen and Munzner, Tamara and Irvine, Veronika and Tory, Melanie and Bergner, Steven and M{\"o}ller, Torsten},
	booktitle={2010 IEEE Symposium on Visual Analytics Science and Technology},
	pages={3--10},
	year={2010},
	organization={IEEE}
}

@inproceedings{sips2009selecting,
	title={Selecting good views of high-dimensional data using class consistency},
	author={Sips, Mike and Neubert, Boris and Lewis, John P and Hanrahan, Pat},
	booktitle={Computer Graphics Forum},
	volume={28},
	number={3},
	pages={831--838},
	year={2009},
	organization={Wiley Online Library}
}

@inproceedings{tatu2009combining,
	title={Combining automated analysis and visualization techniques for effective exploration of high-dimensional data},
	author={Tatu, Andrada and Albuquerque, Georgia and Eisemann, Martin and Schneidewind, Jorn and Theisel, Holger and Magnork, Marcus and Keim, Daniel},
	booktitle={2009 IEEE Symposium on Visual Analytics Science and Technology},
	pages={59--66},
	year={2009},
	organization={IEEE}
}

@inproceedings{tatu2010visual,
	title={Visual quality metrics and human perception: an initial study on 2D projections of large multidimensional data},
	author={Tatu, Andrada and Bak, Peter and Bertini, Enrico and Keim, Daniel and Schneidewind, Joern},
	booktitle={Proceedings of the International Conference on Advanced Visual Interfaces},
	pages={49--56},
	year={2010},
	organization={ACM}
}

@article{friendly2005early,
	title={The early origins and development of the scatterplot},
	author={Friendly, Michael and Denis, Daniel},
	journal={Journal of the History of the Behavioral Sciences},
	volume={41},
	number={2},
	pages={103--130},
	year={2005},
	publisher={Wiley Online Library}
}

@book{cleveland1993visualizing,
	title={Visualizing data},
	author={Cleveland, William S},
	year={1993},
	publisher={Hobart Press}
}

@book{harris2000information,
	title={Information graphics: A comprehensive illustrated reference},
	author={Harris, Robert L},
	year={2000},
	publisher={Oxford University Press}
}

@article{satyanarayan2016vega,
	title={Vega-lite: A grammar of interactive graphics},
	author={Satyanarayan, Arvind and Moritz, Dominik and Wongsuphasawat, Kanit and Heer, Jeffrey},
	journal={IEEE transactions on visualization and computer graphics},
	volume={23},
	number={1},
	pages={341--350},
	year={2016},
	publisher={IEEE}
}

@article{bostock2011d3,
	title={D$^3$ data-driven documents},
	author={Bostock, Michael and Ogievetsky, Vadim and Heer, Jeffrey},
	journal={IEEE transactions on visualization and computer graphics},
	volume={17},
	number={12},
	pages={2301--2309},
	year={2011},
	publisher={IEEE}
}

@article{wang2004image,
	title={Image quality assessment: from error visibility to structural similarity},
	author={Wang, Zhou and Bovik, Alan C and Sheikh, Hamid R and Simoncelli, Eero P and others},
	journal={IEEE transactions on image processing},
	volume={13},
	number={4},
	pages={600--612},
	year={2004}
}

@article{van2014scikit,
	title={scikit-image: image processing in Python},
	author={Van der Walt, Stefan and Sch{\"o}nberger, Johannes L and Nunez-Iglesias, Juan and Boulogne, Fran{\c{c}}ois and Warner, Joshua D and Yager, Neil and Gouillart, Emmanuelle and Yu, Tony},
	journal={PeerJ},
	volume={2},
	pages={e453},
	year={2014},
	publisher={PeerJ Inc.}
}

@article{wand1994fast,
	title={Fast computation of multivariate kernel estimators},
	author={Wand, MP},
	journal={Journal of Computational and Graphical Statistics},
	volume={3},
	number={4},
	pages={433--445},
	year={1994},
	publisher={Taylor \& Francis Group}
}

@inproceedings{cottam2013overplotting,
	title={Overplotting: Unified solutions under abstract rendering},
	author={Cottam, Joseph and Lumsdaine, Andrew and Wang, Peter},
	booktitle={2013 IEEE International Conference on Big Data},
	pages={9--16},
	year={2013},
	organization={IEEE}
}

@inproceedings{cottam2014abstract,
	title={Abstract rendering: out-of-core rendering for information visualization},
	author={Cottam, Joseph A and Lumsdaine, Andrew and Wang, Peter},
	booktitle={Visualization and Data Analysis 2014},
	volume={9017},
	pages={90170K},
	year={2014},
	organization={International Society for Optics and Photonics}
}

@misc{onlineDatashader,
	title           = "Datashader - Turns even the largest data into images, accurately",
	organization    = "Anaconda, Inc., Austin, Texas, USA",
	author          = "Anaconda, Inc.",
	location        = "United States of America",
	howpublished    = {\url{"http://datashader.org/"}},
	month           = jun,
	year            = {2015},
	note            = {Retrieved June 04, 2019}
}

@article{fekete2016progressive,
	title={Progressive analytics: A computation paradigm for exploratory data analysis},
	author={Fekete, Jean-Daniel and Primet, Romain},
	journal={arXiv preprint arXiv:1607.05162},
	year={2016}
}

@inproceedings{perrot2015large,
title={Large interactive visualization of density functions on big data infrastructure},
author={Perrot, Alexandre and Bourqui, Romain and Hanusse, Nicolas and Lalanne, Fr{\'e}d{\'e}ric and Auber, David},
booktitle={2015 IEEE 5th Symposium on large Data Analysis and Visualization (lDAV)},
pages={99--106},
year={2015},
organization={IEEE}
}

@article{lins2013nanocubes,
	title={Nanocubes for real-time exploration of spatiotemporal datasets},
	author={Lins, Lauro and Klosowski, James T and Scheidegger, Carlos},
	journal={IEEE Transactions on Visualization and Computer Graphics},
	volume={19},
	number={12},
	pages={2456--2465},
	year={2013},
	publisher={IEEE}
}

@inproceedings{liu2013immens,
	title={imMens: Real-time Visual Querying of Big Data},
	author={Liu, Zhicheng and Jiang, Biye and Heer, Jeffrey},
	booktitle={Computer Graphics Forum},
	volume={32},
	number={3pt4},
	pages={421--430},
	year={2013},
	organization={Wiley Online Library}
}

@inproceedings{borgo2013glyph,
  title={Glyph-based Visualization: Foundations, Design Guidelines, Techniques and Applications.},
  author={Borgo, Rita and Kehrer, Johannes and Chung, David HS and Maguire, Eamonn and Laramee, Robert S and Hauser, Helwig and Ward, Matthew and Chen, Min},
  booktitle={Eurographics (STARs)},
  pages={39--63},
  year={2013}
}


@article{mayorga2013splatterplots,
  title={Splatterplots: Overcoming overdraw in scatter plots},
  author={Mayorga, Adrian and Gleicher, Michael},
  journal={IEEE transactions on visualization and computer graphics},
  volume={19},
  number={9},
  pages={1526--1538},
  year={2013},
  publisher={IEEE}
}

@inproceedings{miller1968response,
  title={Response time in man-computer conversational transactions.},
  author={Miller, Robert B},
  booktitle={AFIPS Fall Joint Computing Conference (1)},
  pages={267--277},
  year={1968}
}

@article{shneiderman1984response,
  title={Response time and display rate in human performance with computers},
  author={Shneiderman, Ben},
  journal={ACM Computing Surveys (CSUR)},
  volume={16},
  number={3},
  pages={265--285},
  year={1984},
  publisher={ACM}
}

@article{beyth1982perception,
  title={Perception of correlation reexamined},
  author={Beyth-Marom, Ruth},
  journal={Memory \& Cognition},
  volume={10},
  number={6},
  pages={511--519},
  year={1982},
  publisher={Springer}
}

@article{kim2008object,
  title={Object recognition using a generalized robust invariant feature and Gestalt's law of proximity and similarity},
  author={Kim, Sungho and Yoon, Kuk-Jin and Kweon, In So},
  journal={Pattern Recognition},
  volume={41},
  number={2},
  pages={726--741},
  year={2008},
  publisher={Elsevier}
}

@misc{online:topojson,
    title           = "TopoJSON Wiki",
    author          = "Mike Bostock",
    howpublished    = {\url{https://github.com/topojson/topojson/wiki}},
    year            = {2019},
    note            = {Retrieved August 08., 2019}
}

@article{demiralp2014learning,
    title           = {Learning perceptual kernels for visualization design},
    author          = {Demiralp, {\c{C}}a{\u{g}}atay and Bernstein, Michael S and Heer, Jeffrey},
    journal         = {IEEE transactions on visualization and computer graphics},
    volume          = {20},
    number          = {12},
    pages           = {1933--1942},
    year            = {2014},
    publisher       = {IEEE}
}
